<?xml version="1.0" encoding="UTF-8"?><collection xmlns="http://www.loc.gov/MARC21/slim"><record><leader>00410nam--2200145-i-4500</leader><controlfield tag="001">000029625</controlfield><controlfield tag="002">20161230</controlfield><controlfield tag="005">20161230201037</controlfield><controlfield tag="008">060222s1000------------r-----000-0-eng-d</controlfield><datafield ind1="1" ind2=" " tag="100"><subfield code="a">Taylor, Michael</subfield></datafield><datafield ind1="1" ind2="0" tag="245"><subfield code="a">Lecture notes in mathematics. vol.416:pseudo differential operators</subfield></datafield><datafield ind1=" " ind2=" " tag="260"><subfield code="a">Berlin, Springer-verlag, 1974</subfield></datafield><datafield ind1=" " ind2=" " tag="700"><subfield code="a">Taylor, Michael</subfield></datafield><datafield ind1=" " ind2=" " tag="852"><subfield code="a">45373</subfield><subfield code="c">517.9</subfield></datafield><datafield ind1=" " ind2=" " tag="CAT"><subfield code="a">Sys</subfield><subfield code="c">20081028</subfield><subfield code="h">074901</subfield></datafield></record></collection>